@article{boydSlip,
  title={Velocity slip and temperature jump in hypersonic aerothermodynamics},
  author={Lofthouse, Andrew J and Scalabrin, Leonardo C and Boyd, Iain D},
  journal={Journal of thermophysics and heat transfer},
  volume={22},
  number={1},
  pages={38--49},
  year={2008}
}

@article{evaluation,
  title={Evaluation of nonequilibrium boundary conditions for hypersonic rarefied gas flows},
  author={Le, NTP and Greenshields, Ch J and Reese, JM},
  journal={Progress in Flight Physics},
  volume={3},
  pages={217--230},
  year={2012},
  publisher={EDP Sciences}
}

@article{lockerbyCapturing,
  title={Capturing the Knudsen layer in continuum-fluid models of nonequilibrium gas flows},
  author={Lockerby, Duncan A and Reese, Jason M and Gallis, Michael A},
  journal={AIAA journal},
  volume={43},
  number={6},
  pages={1391--1393},
  year={2005}
}

@online{sparta,
  title={SPARTA Direct Simulation Monte Carlo (DSMC) Simulator},
  organization={Sandia National Laboratories},
  url={https://sparta.sandia.gov}
}

@article{maxwell,
  title={On stresses in rarified gases arising from inequalities of temperature},
  author={Maxwell, James Clerk},
  journal={Philosophical Transactions of the royal society of London},
  number={170},
  pages={231--256},
  year={1879},
  publisher={The Royal Society London}
}

@article{fluidMicrodevices,
  title={The fluid mechanics of microdevices—the Freeman scholar lecture},
  author={Gad-el-Hak, Mohamed},
  journal={Journal of Fluids Engineering},
  volume={121},
  number={1},
  pages={5--33},
  year={1999},
  publisher={American Society of Mechanical Engineers Digital Collection}
}

@inproceedings{gokcen1,
  title={Computational fluid dynamics near the continuum limit},
  author={Gökçen, Tahir and MacCormack, Robert and Chapman, Dean},
  booktitle={8th Computational Fluid Dynamics Conference},
  pages={1115},
  year={1987}
}

@inproceedings{gokcen2,
  title={Nonequilibrium effects for hypersonic transitional flows using continuum approach},
  author={Gökçen, Tahir and MacCormack, Robert},
  booktitle={27th Aerospace Sciences Meeting},
  pages={461},
  year={1989}
}

@inproceedings{computationBlunt,
  title={Computation of Rarefaction Effects on a Blunt Body in Hypersonic Flow},
  author={Huang, Guanzheng and Agarwal, Ramesh K},
  booktitle={55th AIAA Aerospace Sciences Meeting},
  pages={1148},
  year={2017}
}

@article{lockerbyVelocity,
  title={Velocity boundary condition at solid walls in rarefied gas calculations},
  author={Lockerby, Duncan A and Reese, Jason M and Emerson, David R and Barber, Robert W},
  journal={Physical Review E},
  volume={70},
  number={1},
  pages={017303},
  year={2004},
  publisher={APS}
}

@article{newSmoluchowski,
  title={New type of smoluchowski temperature jump condition considering the viscous heat generation},
  author={Le, Nam TP and Vu, Ngoc Anh and Loc, Le Tan},
  journal={AIAA Journal},
  volume={55},
  number={2},
  pages={474--483},
  year={2016},
  publisher={American Institute of Aeronautics and Astronautics}
}

@inproceedings{boydExperiment,
  title={Hypersonic flow over a flat plate: CFD comparison with experiment},
  author={Lofthouse, Andrew and Boyd, Iain},
  booktitle={47th AIAA Aerospace Sciences Meeting including The New Horizons Forum and Aerospace Exposition},
  pages={1315},
  year={2009}
}

@inproceedings{numerical,
  title={Numerical Investigation of Hypersonic Slip Flow},
  author={Luo, Kai and Yang, Yueming and Liu, Hua and Xin, Xuewei and Liu, Xuewei},
  booktitle={2015 International Conference on Automation, Mechanical Control and Computational Engineering},
  year={2015},
  organization={Atlantis Press}
}

@book{bird,
  title={Molecular gas dynamics and the direct simulation of gas flows},
  author={Bird, Graeme A and Brady, JM},
  volume={5},
  year={1994},
  publisher={Clarendon press Oxford}
}